%% This BibTeX bibliography file was created using BibDesk.
%% http://bibdesk.sourceforge.net/

%% Created for Krishna Kamath at 2016-12-11 09:11:40 -0800 


%% Saved with string encoding Unicode (UTF-8) 



@misc{Guennebaud:2010aa,
	Author = {Ga\"{e}l Guennebaud and Beno\^{i}t Jacob and others},
	Date-Added = {2016-12-11 17:09:05 +0000},
	Date-Modified = {2016-12-11 17:11:34 +0000},
	Howpublished = {http://eigen.tuxfamily.org},
	Title = {Eigen v3},
	Year = {2010}}

@misc{bounding_distance,
        Date-Added = {2016-12-11 17:09:05 +0000},
        Date-Modified = {2016-12-11 17:11:34 +0000},
        Howpublished = {http://programmizm.sourceforge.net/blog/2011/nearest-neighbor-search-using-kd-trees},
        Title = {Nearest neighbor search using KD trees},
        Year = {2011}}
        
 @book{Reinders:2007:ITB:1461409,
 author = {Reinders, James},
 title = {Intel Threading Building Blocks},
 year = {2007},
 isbn = {9780596514808},
 edition = {First},
 publisher = {O'Reilly \& Associates, Inc.},
 address = {Sebastopol, CA, USA},
}        

@inproceedings{sklearn_api,
  author    = {Lars Buitinck and Gilles Louppe and Mathieu Blondel and
               Fabian Pedregosa and Andreas Mueller and Olivier Grisel and
               Vlad Niculae and Peter Prettenhofer and Alexandre Gramfort
               and Jaques Grobler and Robert Layton and Jake VanderPlas and
               Arnaud Joly and Brian Holt and Ga{\"{e}}l Varoquaux},
  title     = {{API} design for machine learning software: experiences from the scikit-learn
               project},
  booktitle = {ECML PKDD Workshop: Languages for Data Mining and Machine Learning},
  year      = {2013},
  pages = {108--122},
}